%%% ====================================================================
%%%  BibTeX-file{
%%%     author          = "Gerry Murray",
%%%     version         = "1.2",
%%%     date            = "2 April 2012",
%%%     filename        = "acmtog-sample-bibfile.bib",
%%%     address         = "ACM, NY",
%%%     email           = "murray at hq.acm.org",
%%%     codetable       = "ISO/ASCII",
%%%     keywords        = "ACM Reference Format, bibliography, citation, references",
%%%     supported       = "yes",
%%%     docstring       = "This BibTeX database file contains 'bibdata' entries
%%%                        that 'match' the examples provided in the Specifications Document
%%%                        AND, also, 'legacy'-type bibs. It should assist authors in 
%%%                        choosing the 'correct' at-bibtype and necessary bib-fields
%%%                        so as to obtain the appropriate ACM Reference Format output. 
%%%			   It also contains many 'Standard Abbreviations'. "
%%%  }
%%% ====================================================================

% Journals

% First the Full Name is given, then the abbreviation used in the AMS Math
% Reviews, with an indication if it could not be found there.
% Note the 2nd overwrites the 1st, so swap them if you want the full name.


@INPROCEEDINGS{sharma:naaclhlt15,
  author = {Sharma, Manali and Zhuang, Di and Bilgic, Mustafa},
  title = {Active Learning with Rationales for Text Classification},
  booktitle = {North American Chapter of the Association for Computational Linguistics -- Human Language Technologies},
  year = {2015},
  url = {http://www.cs.iit.edu/~ml/pdfs/sharma-naaclhlt15.pdf}
}
@book{aggarwal2014data,
  title={Data classification: algorithms and applications},
  author={Aggarwal, Charu C},
  year={2014},
  publisher={CRC Press}
}
@inproceedings{lewis1994sequential,
  title={A sequential algorithm for training text classifiers},
  author={Lewis, David D and Gale, William A},
  booktitle={Proceedings of the 17th annual international ACM SIGIR conference on Research and development in information retrieval},
  pages={3--12},
  year={1994},
  organization={Springer-Verlag New York, Inc.}
}
@incollection{dagan1995committee,
  title={Committee-based sampling for training probabilistic classifiers},
  author={Dagan, Ido and Engelson, Sean P},
  booktitle={Machine Learning Proceedings 1995},
  pages={150--157},
  year={1995},
  publisher={Elsevier}
}
@inproceedings{mccallumzy1998employing,
  title={Employing EM and pool-based active learning for text classification},
  author={McCallumzy, Andrew Kachites and Nigamy, Kamal},
  booktitle={Proc. International Conference on Machine Learning (ICML)},
  pages={359--367},
  year={1998},
  organization={Citeseer}
}
@inproceedings{liere1997active,
  title={Active learning with committees for text categorization},
  author={Liere, Ray and Tadepalli, Prasad},
  booktitle={AAAI/IAAI},
  pages={591--596},
  year={1997}
}
@article{cohn1994improving,
  title={Improving generalization with active learning},
  author={Cohn, David and Atlas, Les and Ladner, Richard},
  journal={Machine learning},
  volume={15},
  number={2},
  pages={201--221},
  year={1994},
  publisher={Springer}
}
@inproceedings{le2014distributed,
  title={Distributed representations of sentences and documents},
  author={Le, Quoc and Mikolov, Tomas},
  booktitle={International Conference on Machine Learning},
  pages={1188--1196},
  year={2014}
}
@techreport{joachims1996probabilistic,
  title={A Probabilistic Analysis of the Rocchio Algorithm with TFIDF for Text Categorization.},
  author={Joachims, Thorsten},
  year={1996},
  institution={Carnegie-mellon univ pittsburgh pa dept of computer science}
}
